<?xml version="1.0" encoding="UTF-8"?><collection xmlns="http://www.loc.gov/MARC21/slim"><record><leader>00582nam--2200181-i-4500</leader><controlfield tag="001">000031738</controlfield><controlfield tag="002">20161230</controlfield><controlfield tag="005">20161230201038</controlfield><controlfield tag="008">060222s1000------------r-----000-0-eng-d</controlfield><datafield ind1=" " ind2=" " tag="040"><subfield code="a">IFIN-HH</subfield></datafield><datafield ind1=" " ind2=" " tag="080"><subfield code="a">530.1</subfield></datafield><datafield ind1="1" ind2=" " tag="100"><subfield code="a">Geltman, Sydney</subfield></datafield><datafield ind1="1" ind2="0" tag="245"><subfield code="a">Lectures in theoretical physics. vol.xi-c.atomic collision processes</subfield><subfield code="c">SYDNEY GELTMAN, KALAYANA T. MAHANTHAPPA, WESLEY E. BRITTIN (eds.)</subfield></datafield><datafield ind1=" " ind2=" " tag="260"><subfield code="a">New York</subfield><subfield code="b">Gordon And Breach, Science Publischers</subfield><subfield code="c">1969</subfield></datafield><datafield ind1=" " ind2=" " tag="300"><subfield code="a">XIII+337 P</subfield></datafield><datafield ind1="1" ind2=" " tag="700"><subfield code="a">Brittin, Wesley E</subfield><subfield code="e">ed</subfield></datafield><datafield ind1=" " ind2=" " tag="852"><subfield code="a">15333</subfield><subfield code="c">530.1</subfield></datafield><datafield ind1=" " ind2=" " tag="CAT"><subfield code="a">Sys</subfield><subfield code="c">20160418</subfield><subfield code="h">100105</subfield></datafield></record></collection>